<collection xmlns="http://www.loc.gov/MARC21/slim"><record><leader>00638nam  2200193   450</leader><controlfield tag="001">395</controlfield><controlfield tag="003">http://montalegre.opacnet.com/OPAC/default.aspx?ContentAreaControl=ShowRegHoldings.ascx&amp;RegNo=16662</controlfield><datafield tag="095" ind1=" " ind2=" "><subfield code="a">PTBN00022306</subfield></datafield><datafield tag="100" ind1=" " ind2=" "><subfield code="a">19870501d1980    m  y0pora010305  ba</subfield></datafield><datafield tag="101" ind1="1" ind2=" "><subfield code="a">por</subfield></datafield><datafield tag="102" ind1=" " ind2=" "><subfield code="a">PT</subfield></datafield><datafield tag="200" ind1="1" ind2=" "><subfield code="a">Crime na Ilha Azul</subfield><subfield code="e">romance policial</subfield><subfield code="f">Amílcar Goulart</subfield></datafield><datafield tag="210" ind1=" " ind2=" "><subfield code="i">mp.1980</subfield><subfield code="e">[S.l.]</subfield><subfield code="d">Tip. de "O Telégrafo"</subfield></datafield><datafield tag="215" ind1=" " ind2=" "><subfield code="a">203, [2] p.</subfield><subfield code="d">21 cm</subfield></datafield><datafield tag="675" ind1=" " ind2=" "><subfield code="a">821</subfield><subfield code="v">bn</subfield><subfield code="z">por</subfield></datafield><datafield tag="700" ind1=" " ind2="1"><subfield code="a">Goulart</subfield><subfield code="b">amilcar</subfield><subfield code="f">1910-</subfield></datafield><datafield tag="801" ind1=" " ind2="0"><subfield code="a">PT</subfield><subfield code="b">Biblioteca Municipal de Montalegre</subfield><subfield code="g">RPC</subfield></datafield><datafield tag="856" ind1=" " ind2=" "><subfield code="u">locateMedia.asp?cod=20060516105252&amp;ext=jpg</subfield><subfield code="z">CAPA</subfield></datafield><datafield tag="909" ind1="&#9;" ind2=" "><subfield code="a">2</subfield></datafield><datafield tag="966" ind1=" " ind2=" "><subfield code="a">0008552</subfield><subfield code="l">BMM</subfield><subfield code="s">SCG 821 GOU cri</subfield></datafield><datafield tag="966" ind1=" " ind2=" "><subfield code="a">0008551</subfield><subfield code="l">BMM</subfield><subfield code="s">SCG 821 GOU cri</subfield></datafield></record></collection>